@Manual{bfi,
  title = {bfi: 25 Personality items representing 5 factors},
  author = {{RDocumentation} and {William Revelle}},
  year = {2024},
  note = {R package version 2.4.1},
  url = {https://www.rdocumentation.org/packages/psych/versions/2.4.1/topics/bfi},
}

@Book{rao2015handbook,
  title = {Robust Methods in Biostatistics},
  author = {Stephane Heritier, Eva Cantoni, Samuel Copt, Maria-Pia Victoria-Feser},
  publisher = {Wiley},
  year = {2009},
  doi = {10.1002/9780470740538},
}

@Article{mahalanobis1936generalized,
  author = {Mahalanobis, P.C.},
  title = {On the Generalised Distance in Statistics},
  journal = {Sankhya A},
  volume = {80},
  number = {Suppl 1},
  pages = {1--7},
  year = {2018},
  doi = {10.1007/s13171-019-00164-5}
}


@Article{de2016mahalanobis,
  title = {Mahalanobis distance for functional data, with application to classification},
  author = {Pedro Galeano, Esdras Joseph and Rosa E. Lillo},
  journal = {Technometrics},
  year = {2015},
  doi = {10.1080/00401706.2014.902774},
}

@Article{d2018statistical,
  title = {Integrating rather than collecting: statistical matching in the data flood era},
  author = {Dâ€™Alberto, R., Raggi, M},
  journal = {Stat Papers},
  year = {2023},
  doi = {10.1007/s00362-023-01468-3},
}

@Manual{statspackage,
  title = {stats: The R Stats Package},
  author = {{R Core Team}},
  year = {2020},
  note = {R package version 4.0.3},
  url = {https://stat.ethz.ch/R-manual/R-devel/library/stats/html/00Index.html},
}

@Manual{ggplot2,
  title = {ggplot2: Create Elegant Data Visualisations Using the Grammar of Graphics},
  author = {Wickham, Hadley and Chang, Winston and Henry, Lionel and Pedersen, Thomas Lin and Takahashi, Kohske and Wilke, Claus and Woo, Kara and Yutani, Hiroaki and Dunnington, Dewey},
  year = {2020},
  note = {R package version 3.3.2},
  url = {https://ggplot2.tidyverse.org},
}

@Manual{cmahalanobis,
  title = {cmahalanobis: A Package for Calculating Mahalanobis Distance Between Two or More Groups of Data},
  author = {Flavio Gioia},
  year = {2024},
  note = {R package version 0.1.0},
  url = {https://cran.r-project.org/web/packages/cmahalanobis/index.html},
}

@Manual{reshape,
  title = {reshape: Flexibly Reshape Data},
  author = {Wickham, Hadley},
  year = {2007},
  note = {R package version 0.8.8},
  url = {https://CRAN.R-project.org/package=reshape},
}


